%% This BibTeX bibliography file was created using BibDesk.
%% http://bibdesk.sourceforge.net/

%% Created for Natalia Zúñiga García at 2017-09-10 11:53:28 -0500 


%% Saved with string encoding Unicode (UTF-8) 



@url{john2011,
	Author = {John M. White},
	Date-Added = {2017-09-10 16:03:09 +0000},
	Date-Modified = {2017-09-10 16:08:46 +0000},
	Title = {{Using Sparse Matrices in R} Kernel Description},
	Url = {http://www.johnmyleswhite.com/notebook/2011/10/31/using-sparse-matrices-in-r/},
	Urldate = {2017-09-09},
	Year = 2011,
	Bdsk-Url-1 = {http://www.johnmyleswhite.com/notebook/2011/10/31/using-sparse-matrices-in-r/}}

@article{koenker2003,
	Author = {Koenker, Roger and Ng, Pin and others},
	Date-Added = {2017-09-10 03:11:34 +0000},
	Date-Modified = {2017-09-10 03:11:48 +0000},
	Title = {SparseM: A sparse matrix package for R}}

@inproceedings{krishna2013,
	Author = {Krishnamoorthy, Aravindh and Menon, Deepak},
	Booktitle = {Signal Processing: Algorithms, Architectures, Arrangements, and Applications (SPA), 2013},
	Date-Added = {2017-09-07 20:39:22 +0000},
	Date-Modified = {2017-09-07 20:39:36 +0000},
	Organization = {IEEE},
	Pages = {70--72},
	Title = {Matrix inversion using Cholesky decomposition},
	Year = {2013}}

@url{nielsen2007,
	Author = {Nielsen, Allan Aasbjerg},
	Date-Added = {2017-09-06 03:16:15 +0000},
	Date-Modified = {2017-09-10 16:08:41 +0000},
	Title = {Least squares adjustment: Linear and nonlinear weighted regression analysis},
	Urldate = {http://www2.imm.dtu.dk/pubdb/views/edoc_download.php/2804/pdf/imm2804.pdf},
	Year = {2007}}

@article{lee2012,
	Author = {DO Q, LEE},
	Date-Added = {2017-09-04 01:59:24 +0000},
	Date-Modified = {2017-09-04 02:41:48 +0000},
	Title = {Numerically efficient methods for solving least squares problems},
	Year = {2012}}
